<?xml version='1.0' encoding='utf-8'?>
<record xmlns="http://www.loc.gov/MARC21/slim" xmlns:xsi="http://www.w3.org/2001/XMLSchema-instance">
  <leader>00000nidaa22^^^^^^a^4500</leader>
  <controlfield tag="001">011200578</controlfield>
  <controlfield tag="005">20130815152751.0</controlfield>
  <controlfield tag="008">050711i19471961miunnn^^^^^^^^^^^^^^eng^d</controlfield>
  <datafield tag="035" ind1=" " ind2=" ">
    <subfield code="a">(OCoLC)ocm85778784</subfield>
  </datafield>
  <datafield tag="040" ind1=" " ind2=" ">
    <subfield code="a">MiU-H</subfield>
    <subfield code="c">MiU-H</subfield>
    <subfield code="e">appm</subfield>
  </datafield>
  <datafield tag="100" ind1="3" ind2=" ">
    <subfield code="a">Karoub family.</subfield>
  </datafield>
  <datafield tag="245" ind1="0" ind2="0">
    <subfield code="a">Karoub family sound recording series,</subfield>
    <subfield code="f">ca. 1947-1961.</subfield>
  </datafield>
  <datafield tag="300" ind1=" " ind2=" ">
    <subfield code="a">5 sound discs and 1 sound tape reel, 4 compact discs</subfield>
  </datafield>
  <datafield tag="545" ind1="1" ind2=" ">
    <subfield code="a">Family of Hussein Karoub, imam of the first mosque in North America, in Highland Park, Mich.</subfield>
  </datafield>
  <datafield tag="520" ind1="2" ind2=" ">
    <subfield code="a">Recordings of Imam Hussein Karoub and other family members, including Imam Karoub's recitation of the Athan, a conversation with Wajih Salah of the United Nations, singing and poetry reading by family members including Nabiha, Mohammad, and Carl Karoub; also CD of 50th anniversary dinner for Imam Hussein Karoub. The recordings include 5 Wilcox-Gay Recordio disks (78 rpm, ca. 1947-1949), 1 tape reel (1961), and 4 compact discs.</subfield>
  </datafield>
  <datafield tag="520" ind1="2" ind2=" ">
    <subfield code="a">One of the compact discs reproduces the contents of the five Recordio disks, described as: 1. Nabiha and Carl Karoub, singing with family and friends an old Arabic song they learned from their mother, Miriam Karoub. 'Ah Ya Asmar El Loun.' 2. Same group singing another Arabic folk song, 'A Ruzana.' 3. Two recordings of Muhammad 'Mike' Karoub singing 'Bint El Shufta on the Corner' ('The Girl I Saw on the Corner'), written by Athman Karoub, brother of Imam Hussien Karoub. This is a tongue-in-cheek lament about American women taking all of his money. One recording is much longer, with more verses. 4. Muhammad 'Mike' Karoub singing 'Inti Suri Biladi,' a patriotic song promoting Arab unity that he and his siblings learned in the 1920s/30s. 5. Snippets of early French horn from Carl 'Khaled' Karoub,playing from memory fragments, including 'Bali Hai' from 'South Pacific,' Dvorak's 'Ninth Symphony' and Brahms' 'First.' Earlier track on same record has Carl and his family on 'Swing Low, Sweet Chariot.'</subfield>
  </datafield>
  <datafield tag="580" ind1=" " ind2=" ">
    <subfield code="a">Forms part of Karoub family. Karoub family papers.</subfield>
  </datafield>
  <datafield tag="500" ind1=" " ind2=" ">
    <subfield code="a">Donor: 9616</subfield>
  </datafield>
  <datafield tag="600" ind1="3" ind2="0">
    <subfield code="a">Karoub family.</subfield>
  </datafield>
  <datafield tag="650" ind1=" " ind2="0">
    <subfield code="a">Arab Americans</subfield>
    <subfield code="z">Michigan.</subfield>
  </datafield>
  <datafield tag="650" ind1=" " ind2="0">
    <subfield code="a">Muslims</subfield>
    <subfield code="z">Michigan.</subfield>
  </datafield>
  <datafield tag="655" ind1=" " ind2="7">
    <subfield code="a">Compact discs.</subfield>
    <subfield code="2">aat</subfield>
  </datafield>
  <datafield tag="655" ind1=" " ind2="7">
    <subfield code="a">Sound recordings.</subfield>
    <subfield code="2">aat</subfield>
  </datafield>
  <datafield tag="700" ind1="1" ind2=" ">
    <subfield code="a">Kharūb, Ḥusayn.</subfield>
  </datafield>
  <datafield tag="700" ind1="1" ind2=" ">
    <subfield code="a">Karoub, Muhammad,</subfield>
    <subfield code="d">1924-1998.</subfield>
  </datafield>
  <datafield tag="700" ind1="1" ind2=" ">
    <subfield code="a">Karoub, Nabiha.</subfield>
  </datafield>
  <datafield tag="700" ind1="1" ind2=" ">
    <subfield code="a">Karoub, Carl.</subfield>
  </datafield>
  <datafield tag="773" ind1="0" ind2=" ">
    <subfield code="a">Karoub family.</subfield>
    <subfield code="t">Karoub family papers.</subfield>
    <subfield code="w">(OCoLC)85778784</subfield>
  </datafield>
  <datafield tag="852" ind1="8" ind2=" ">
    <subfield code="a">MiU-H</subfield>
    <subfield code="b">BENT</subfield>
    <subfield code="h">0580 Aa 2</subfield>
  </datafield>
  <datafield tag="997" ind1=" " ind2=" ">
    <subfield code="a">MARS</subfield>
  </datafield>
  <datafield tag="998" ind1=" " ind2=" ">
    <subfield code="c">LAC</subfield>
  </datafield>
  <datafield tag="LKR" ind1=" " ind2=" ">
    <subfield code="a">UP</subfield>
    <subfield code="b">5028446</subfield>
    <subfield code="l">MIU01</subfield>
    <subfield code="r">773</subfield>
    <subfield code="m">Karoub family sound recording series,</subfield>
    <subfield code="n">Karoub family papers,</subfield>
  </datafield>
  <datafield tag="955" ind1=" " ind2=" ">
    <subfield code="b">BENT</subfield>
    <subfield code="p">B5268259</subfield>
  </datafield>
</record>
